@incollection{lafree1999summary,
  author      = "LaFree, Gary",
  title       = {{A Summary and Review of Cross-National Comparative Studies of Homicide}},
  editor      = "M. Dwayne Smith and Margaret A. Zahn",
  booktitle   = "Homicide: A Sourcebook of Social Research",
  address     = "London",
  year        = {1999},
}

@article{collier2004greed,
  title={{Greed and Grievance in Civil War}},
  author={Collier, Paul and Hoeffler, Anke},
  journal={Oxford Economic Papers},
  volume={56},
  number={4},
  pages={563--595},
  year={2004},
  publisher={Oxford Univ Press}
}

@article{fearon2003ethnicity,
  title={{Ethnicity, Insurgency, and Civil War}},
  author={Fearon, James D and Laitin, David D},
  journal={American Political Science Review},
  volume={97},
  number={01},
  pages={75--90},
  year={2003},
  publisher={Cambridge Univ Press}
}

@book{kalyvas2006logic,
  title={{The Logic of Violence in Civil War}},
  author={Kalyvas, Stathis N},
  year={2006},
  publisher={Cambridge: Cambridge University Press}
}

@book{power2013problem,
  title={``A Problem From Hell'': America and the Age of Genocide},
  author={Power, Samantha},
  year={2013},
  publisher={New York: Basic Books}
}

@book{mamdani2014victims,
  title={{When Victims Become Killers: Colonialism, Nativism, and the Genocide in Rwanda}},
  author={Mamdani, Mahmood},
  year={2014},
  publisher={Princeton: Princeton University Press}
}

@article{kaufmann1996possible,
  title={{Possible and Impossible Solutions to Ethnic Civil Wars}},
  author={Kaufmann, Chaim},
  journal={International security},
  volume={20},
  number={4},
  pages={136--175},
  year={1996},
  publisher={MIT Press}
}

@article{montalvo2005ethnic,
  title={{Ethnic Polarization, Potential Conflict, and Civil Wars}},
  author={Montalvo, Jos{\'e} G and Reynal-Querol, Marta},
  journal={The American Economic Review},
  volume={95},
  number={3},
  pages={796--816},
  year={2005},
  publisher={JSTOR}
}

@article{wood2006variation,
  title={{Variation in Sexual Violence During War}},
  author={Wood, Elisabeth Jean},
  journal={Politics \& Society},
  volume={34},
  number={3},
  pages={307--342},
  year={2006},
  publisher={Sage Publications Sage CA: Thousand Oaks, CA}
}

@article{hoglund2009electoral,
  title={{Electoral Violence in Conflict-Ridden Societies: Concepts, Causes, and Consequences}},
  author={H{\"o}glund, Kristine},
  journal={Terrorism and political violence},
  volume={21},
  number={3},
  pages={412--427},
  year={2009},
  publisher={Taylor \& Francis}
}

@book{wilkinson2006votes,
  title={{Votes and Violence: Electoral Competition and Ethnic Riots in India}},
  author={Wilkinson, Steven I},
  year={2006},
  publisher={Cambridge: Cambridge University Press}
}

@article{uzonyi2014unpacking,
  title={{Unpacking the Effects of Genocide and Politicide on Forced Migration}},
  author={Uzonyi, Gary},
  journal={Conflict Management and Peace Science},
  volume={31},
  number={3},
  pages={225--243},
  year={2014},
  publisher={Sage Publications}
}

@article{krain1997state,
  title={{State-Sponsored Mass Murder: The Onset and Severity of Genocides and Politicides}},
  author={Krain, Matthew},
  journal={Journal of Conflict Resolution},
  volume={41},
  number={3},
  pages={331--360},
  year={1997},
  publisher={Sage Publications}
}

@article{harff1988toward,
  title={{Toward Empirical Theory of Genocides and Politicides: Identification and Measurement of Cases Since 1945}},
  author={Harff, Barbara and Gurr, Ted Robert},
  journal={International Studies Quarterly},
  volume={32},
  number={3},
  pages={359--371},
  year={1988},
  publisher={The Oxford University Press}
}

@article{pape2003strategic,
  title={{The Strategic Logic of Suicide Terrorism}},
  author={Pape, Robert A},
  journal={American Political Science Review},
  volume={97},
  number={03},
  pages={343--361},
  year={2003},
  publisher={Cambridge Univ Press}
}

@article{bueno2007propaganda,
  title={{The Propaganda of the Deed: Terrorism, Counterterrorism, and Mobilization}},
  author={Bueno de Mesquita, Ethan and Dickson, Eric S},
  journal={American Journal of Political Science},
  volume={51},
  number={2},
  pages={364--381},
  year={2007},
  publisher={Wiley Online Library}
}

@article{de2005quality,
  title={{The Quality of Terror}},
  author={Bueno De Mesquita, Ethan},
  journal={American Journal of Political Science},
  volume={49},
  number={3},
  pages={515--530},
  year={2005},
  publisher={Wiley Online Library}
}

@article{lessing2015logics,
  title={{Logics of Violence in Criminal War}},
  author={Lessing, Benjamin},
  journal={Journal of Conflict Resolution},
  volume={59},
  number={8},
  pages={1486--1516},
  year={2015},
  publisher={SAGE Publications Sage CA: Los Angeles, CA}
}

@article{dube2013cross,
  title={{Cross-Border Spillover: US Gun Laws and Violence in Mexico}},
  author={Dube, Arindrajit and Dube, Oeindrila and Garc{\'\i}a-Ponce, Omar},
  journal={American Political Science Review},
  volume={107},
  number={03},
  pages={397--417},
  year={2013},
  publisher={Cambridge Univ Press}
}

@article{shirk2010drug,
  title={{Drug Violence in Mexico: Data and Analysis from 2001--2009}},
  author={Shirk, David A},
  journal={Trends in Organized Crime},
  volume={13},
  number={2-3},
  pages={167--174},
  year={2010},
  publisher={Springer}
}

@article{holmes2006drugs,
  title={{Drugs, Violence, and Development in Colombia: A Department-Level Analysis}},
  author={Holmes, Jennifer S and Pi{\~n}eres, Sheila Amin Guti{\'e}rrez and Curtin, Kevin M},
  journal={Latin American Politics and Society},
  volume={48},
  number={3},
  pages={157--184},
  year={2006},
  publisher={Wiley Online Library}
}

@book{richani2013systems,
  title={{Systems of Violence: The Political Economy of War and Peace in Colombia}},
  author={Richani, Nazih},
  year={2013},
  publisher={New York: Suny Press}
}

@article{sobel2009youth,
  title={{Youth Gangs as Pseudo-Governments: Implications for Violent Crime}},
  author={Sobel, Russell S and Osoba, Brian J},
  journal={Southern Economic Journal},
  pages={996--1018},
  year={2009},
  publisher={JSTOR}
}

@article{rodgers2006living,
  title={{Living in the Shadow of Death: Gangs, Violence and Social Order in Urban Nicaragua, 1996--2002}},
  author={Rodgers, Dennis},
  journal={Journal of Latin American Studies},
  volume={38},
  number={2},
  pages={267--292},
  year={2006},
  publisher={Cambridge University Press}
}

@book{franzese2016youth,
  title={Youth Gangs},
  author={Franzese, Robert J and Covey, Herbert C and Menard, Scott},
  year={2016},
  publisher={Springfield: Charles C Thomas Publisher}
}

@book{jones2009youth,
  title={{Youth Violence in Latin America: Gangs and Juvenile Justice in Perspective}},
  author={Jones, Gareth},
  year={2009},
  publisher={Berlin: Springer}
}

%%%%%%%%%%%%%%%%%%%%%%%%%%%%%%%%
%% Chapter 4 - Mass Killings %%%
%%%%%%%%%%%%%%%%%%%%%%%%%%%%%%%%

@article{hegre2006sensitivity,
  title={Sensitivity Analysis of Empirical Results on Civil War Onset},
  author={Hegre, H{\aa}vard and Sambanis, Nicholas},
  journal={Journal of Conflict Resolution},
  volume={50},
  number={4},
  pages={508--535},
  year={2006},
  publisher={Sage Publications Sage CA: Thousand Oaks, CA}
}

@article{gassebner2013extreme,
  title={Extreme Bounds of Democracy},
  author={Gassebner, Martin and Lamla, Michael J and Vreeland, James Raymond},
  journal={Journal of Conflict Resolution},
  volume={57},
  number={2},
  pages={171--197},
  year={2013},
  publisher={SAGE Publications Sage CA: Los Angeles, CA}
}

@article{bell2015examining,
  title={Examining Explanations for Nuclear Proliferation},
  author={Bell, Mark S},
  journal={International Studies Quarterly},
  volume={60},
  number={3},
  pages={520--529},
  year={2015},
  publisher={Oxford University Press}
}

@article{serra2006empirical,
  title={Empirical Determinants of Corruption: A Sensitivity Analysis},
  author={Serra, Danila},
  journal={Public Choice},
  volume={126},
  number={1},
  pages={225--256},
  year={2006},
  publisher={Springer}
}

@article{levine1992sensitivity,
  title={A Sensitivity Analysis of Cross-Country Growth Regressions},
  author={Levine, Ross and Renelt, David},
  journal={The American Economic Review},
  pages={942--963},
  volume={82},
  number={4},
  year={1992},
  publisher={JSTOR}
}

@article{sala1997just,
  title={I Just Ran Two Million Regressions},
  author={{Sala-i-Martin}, Xavier},
  journal={The American Economic Review},
  pages={178--183},
  volume={87},
  number={2},
  year={1997},
  publisher={JSTOR}
}

@article{gassebner2016expect,
  title={When to Expect a Coup d'{\'E}tat? An Extreme Bounds Analysis of Coup Determinants},
  author={Gassebner, Martin and Gutmann, Jerg and Voigt, Stefan},
  journal={Public Choice},
  volume={169},
  number={3},
  pages={293--313},
  year={2016},
  publisher={Springer}
}

@article{leamer1985sensitivity,
  title={Sensitivity Analyses Would Help},
  author={Leamer, Edward E},
  journal={The American Economic Review},
  volume={75},
  number={3},
  pages={308--313},
  year={1985},
  publisher={JSTOR}
}

@article{sturm2005determinants,
  title={Determinants of Long-Term Growth: New Results Applying Robust Estimation and Extreme Bounds Analysis},
  author={Sturm, Jan-Egbert and De Haan, Jakob},
  journal={Empirical Economics},
  volume={30},
  number={3},
  pages={597--617},
  year={2005},
  publisher={Springer}
}

@article{hafner2005right,
  title={Right or Robust? The Sensitive Nature of Repression to Globalization},
  author={Hafner-Burton, Emilie M},
  journal={Journal of Peace Research},
  volume={42},
  number={6},
  pages={679--698},
  year={2005},
  publisher={Sage Publications London, Thousand Oaks, CA and New Delhi}
}

@article{geurts2006extremely,
  title={Extremely Randomized Trees},
  author={Geurts, Pierre and Ernst, Damien and Wehenkel, Louis},
  journal={Machine Learning},
  volume={63},
  number={1},
  pages={3--42},
  year={2006},
  publisher={Springer}
}

@article{breiman2001random,
  title={Random Forests},
  author={Breiman, Leo},
  journal={Machine Learning},
  volume={45},
  number={1},
  pages={5--32},
  year={2001},
  publisher={Springer}
}

@article{friedman2001greedy,
  title={Greedy Function Approximation: A Gradient Boosting Machine},
  author={Friedman, Jerome H},
  journal={The Annals of Statistics},
  pages={1189--1232},
  volume={29},
  number={5},
  year={2001},
  publisher={JSTOR}
}

@article{friedman2002stochastic,
  title={Stochastic Gradient Boosting},
  author={Friedman, Jerome H},
  journal={Computational Statistics \& Data Analysis},
  volume={38},
  number={4},
  pages={367--378},
  year={2002},
  publisher={Elsevier}
}

@article{fernandez2014we,
  title={Do We Need Hundreds of Classifiers to Solve Real World Classification Problems?},
  author={Fern{\'a}ndez-Delgado, Manuel and Cernadas, Eva and Barro, Sen{\'e}n and Amorim, Dinani},
  journal={The Journal of Machine Learning Research},
  volume={15},
  number={1},
  pages={3133--3181},
  year={2014}
}

@inproceedings{jones2015exploratory,
  title={Exploratory Data Analysis using Random Forests},
  author={Jones, Zachary and Linder, Fridolin},
  year={2015},
  pages={1--31}
}

@article{muchlinski2015comparing,
  title={Comparing Random Forest with Logistic Regression for Predicting Class-Imbalanced Civil War Onset Data},
  author={Muchlinski, David and Siroky, David and He, Jingrui and Kocher, Matthew},
  journal={Political Analysis},
  volume={24},
  number={1},
  pages={87--103},
  year={2015},
  publisher={Society for Political Methodology and the Political Methodology Section of the American Political Science Association}
}

@book{rojas2013neural,
  title={Neural Networks: A Systematic Introduction},
  author={Rojas, Ra{\'u}l},
  year={2013},
  publisher={Berlin: Springer Science \& Business Media}
}

@book{friedman2001elements,
  title={The Elements of Statistical Learning},
  author={Friedman, Jerome and Hastie, Trevor and Tibshirani, Robert},
  year={2001},
  publisher={New York: Springer Series in Statistics}
}

@article{montalvo2008discrete,
  title={Discrete Polarisation with an Application to the Determinants of Genocides},
  author={Montalvo, Jose G and Reynal-Querol, Marta},
  journal={The Economic Journal},
  volume={118},
  number={533},
  pages={1835--1865},
  year={2008},
  publisher={Wiley Online Library}
}

@article{krain2005international,
  title={International Intervention and the Severity of Genocides and Politicides},
  author={Krain, Matthew},
  journal={International Studies Quarterly},
  volume={49},
  number={3},
  pages={363--387},
  year={2005},
  publisher={Blackwell Publishing Ltd Oxford, UK}
}

@article{harff2003no,
  title={No Lessons Learned from the Holocaust? Assessing Risks of Genocide and Political Mass Murder Since 1955},
  author={Harff, Barbara},
  journal={American Political Science Review},
  volume={97},
  number={1},
  pages={57--73},
  year={2003},
  publisher={Cambridge University Press}
}

@article{castelvecchi2016can,
  title={Can We Open the Black Box of AI?},
  author={Castelvecchi, Davide},
  journal={Nature News},
  volume={538},
  number={7623},
  pages={20},
  year={2016}
}

@article{shwartz2017opening,
  title={Opening the Black Box of Deep Neural Networks via Information},
  author={Shwartz-Ziv, Ravid and Tishby, Naftali},
  journal={arXiv Preprint},
  year={2017},
  pages={1--19}
}

@article{hill2014empirical,
  title={An Empirical Evaluation of Explanations for State Repression},
  author={Hill, Daniel W and Jones, Zachary},
  journal={American Political Science Review},
  volume={108},
  number={3},
  pages={661--687},
  year={2014},
  publisher={Cambridge University Press}
}

@article{carpenter2011may,
  title={May the Best Analyst Win},
  author={Carpenter, Jennifer},
  journal={Science},
  volume={331},
  number={6018},
  pages={698--699},
  year={2011}
}

@article{rubin1978bayesian,
  title={Bayesian Inference for Causal Effects: The Role of Randomization},
  author={Rubin, Donald B},
  journal={The Annals of Statistics},
  pages={34--58},
  volume={6},
  number={1},
  year={1978},
  publisher={JSTOR}
}

@article{holland1986statistics,
  title={Statistics and Causal Inference},
  author={Holland, Paul W},
  journal={Journal of the American Statistical Association},
  volume={81},
  number={396},
  pages={945--960},
  year={1986},
  publisher={Taylor \& Francis Group}
}

@article{ward2010perils,
  title={The Perils of Policy by P-Value: Predicting Civil Conflicts},
  author={Ward, Michael D and Greenhill, Brian D and Bakke, Kristin M},
  journal={Journal of Peace Research},
  volume={47},
  number={4},
  pages={363--375},
  year={2010},
  publisher={Sage Publications Sage UK: London, England}
}

@article{breiman2001statistical,
  title={Statistical Modeling: The two Cultures},
  author={Breiman, Leo},
  journal={Statistical Science},
  volume={16},
  number={3},
  pages={199--231},
  year={2001},
  publisher={Institute of Mathematical Statistics}
}

@article{weidmann2010predicting,
  title={Predicting Conflict in Space and Time},
  author={Weidmann, Nils B and Ward, Michael D},
  journal={Journal of Conflict Resolution},
  volume={54},
  number={6},
  pages={883--901},
  year={2010},
  publisher={Sage Publications Sage CA: Los Angeles, CA}
}

@article{clayton2014will,
  title={Will We See Helping Hands? Predicting Civil War Mediation and Likely Success},
  author={Clayton, Govinda and Gleditsch, Kristian Skrede},
  journal={Conflict Management and Peace Science},
  volume={31},
  number={3},
  pages={265--284},
  year={2014},
  publisher={Sage Publications Sage UK: London, England}
}

@article{ward2016can,
  title={Can We Predict Politics? Toward What End?},
  author={Ward, Michael D},
  journal={Journal of Global Security Studies},
  volume={1},
  number={1},
  pages={80--91},
  year={2016},
  publisher={Oxford University Press}
}

@article{ward2013learning,
  title={Learning from the Past and Stepping into the Future: Toward A New Generation of Conflict Prediction},
  author={Ward, Michael D and Metternich, Nils W and Dorff, Cassy L and Gallop, Max and Hollenbach, Florian M and Schultz, Anna and Weschle, Simon},
  journal={International Studies Review},
  volume={15},
  number={4},
  pages={473--490},
  year={2013},
  publisher={Blackwell Publishing Oxford, UK}
}

@INCOLLECTION {cow2017cinc,
    author    = "J. David Singer and Stuart Bremer and John Stuckey",
    title     = "Capability Distribution, Uncertainty, and Major Power War, 1820-1965",
    booktitle = "Peace, War, and Numbers",
    publisher = "Beverly Hills: Sage",
    year      = "1972",
    editor    = "Bruce Russett",
    pages     = "19--48"
}

@article{singer1988reconstructing,
  title={Reconstructing the Correlates of War Dataset on Material Capabilities of States, 1816--1985},
  author={Singer, J David},
  journal={International Interactions},
  volume={14},
  number={2},
  pages={115--132},
  year={1988},
  publisher={Taylor \& Francis}
}

@article{gleditsch2002armed,
  title={Armed Conflict 1946--2001: A New Dataset},
  author={Gleditsch, Nils Petter and Wallensteen, Peter and Eriksson, Mikael and Sollenberg, Margareta and Strand, H{\aa}vard},
  journal={Journal of peace research},
  volume={39},
  number={5},
  pages={615--637},
  year={2002},
  publisher={Sage Publications London}
}

@article{o2007caution,
  title={A Caution Regarding Rules of Thumb for Variance Inflation Factors},
  author={O'Brien, Robert M},
  journal={Quality \& Quantity},
  volume={41},
  number={5},
  pages={673--690},
  year={2007},
  publisher={Springer}
}

@article{allansson2017organized,
  title={Organized Violence, 1989--2016},
  author={Allansson, Marie and Melander, Erik and Themn{\'e}r, Lotta},
  journal={Journal of Peace Research},
  volume={54},
  number={4},
  pages={574--587},
  year={2017},
  publisher={SAGE Publications Sage UK: London, England}
}

@book{sarkees2010resort,
  title={Resort to War},
  author={Sarkees, Meredith Reid and Wayman, Frank Whelon},
  year={2010},
  publisher={Washington DC: CQ Press}
}

@techreport{sturm2002robust,
  title={How Robust is Sala-i-Martin's Robustness Analysis?},
  author={Sturm, Jan-Egbert and de Haan, Jakob},
  year={2002},
  institution={University of Groningen: Mimeo}
}

@article{lall2016multiple,
  title={How Multiple Imputation Makes a Difference},
  author={Lall, Ranjit},
  journal={Political Analysis},
  volume={24},
  number={4},
  pages={414--433},
  year={2016},
  publisher={Oxford University Press}
}

@article{king1986not,
  title={How Not to Lie with Statistics: Avoiding Common Mistakes in Quantitative Political Science},
  author={King, Gary},
  journal={American Journal of Political Science},
  pages={666--687},
  year={1986},
  publisher={JSTOR}
}

@article{anscombe1973graphs,
  title={Graphs in Statistical Analysis},
  author={Anscombe, Francis J},
  journal={The American Statistician},
  volume={27},
  number={1},
  pages={17--21},
  year={1973},
  publisher={Taylor \& Francis Group}
}

@article{achen1977measuring,
  title={Measuring Representation: Perils of the Correlation Coefficient},
  author={Achen, Christopher H},
  journal={American Journal of Political Science},
  pages={805--815},
  year={1977},
  publisher={JSTOR}
}

@article{lecun2015deep,
  title={Deep Learning},
  author={LeCun, Yann and Bengio, Yoshua and Hinton, Geoffrey},
  journal={Nature},
  volume={521},
  number={7553},
  pages={436--444},
  year={2015},
  publisher={Nature Research}
}

@article{brodley1995multivariate,
  title={Multivariate Decision Trees},
  author={Brodley, Carla E and Utgoff, Paul E},
  journal={Machine learning},
  volume={19},
  number={1},
  pages={45--77},
  year={1995},
  publisher={Springer}
}

@article{dietterich1995comparison,
  title={A Comparison of ID3 and Backpropagation for English Text-to-Speech Mapping},
  author={Dietterich, Thomas G and Hild, Hermann and Bakiri, Ghulum},
  journal={Machine Learning},
  volume={18},
  number={1},
  pages={51--80},
  year={1995},
  publisher={Springer}
}

@article{ho1998random,
  title={The Random Subspace Method for Constructing Decision Forests},
  author={Ho, Tin Kam},
  journal={IEEE Transactions on Pattern Analysis and Machine Intelligence},
  volume={20},
  number={8},
  pages={832--844},
  year={1998},
  publisher={IEEE}
}

@book{chen2004using,
  title={Using Random Forest to Learn Imbalanced Data},
  author={Chen, Chao and Liaw, Andy and Breiman, Leo},
  publisher={Berkeley: University of California},
  pages={1--12},
  year={2004}
}

@article{del2014use,
  title={On the Use of MapReduce for Imbalanced Big Data using Random Forest},
  author={Del R{\'\i}o, Sara and L{\'o}pez, Victoria and Ben{\'\i}tez, Jos{\'e} Manuel and Herrera, Francisco},
  journal={Information Sciences},
  volume={285},
  pages={112--137},
  year={2014},
  publisher={Elsevier}
}

@Manual{h2o2017,
  title = {\texttt{h2o}: R Interface for H2O},
  author = {{The H2O.ai Team}},
  year = {2017},
  note = {R package version 3.14.0.3},
  url = {https://CRAN.R-project.org/package=h2o},
}

@Manual{rcore2017,
  title = {\texttt{R}: A Language and Environment for Statistical Computing},
  author = {{R Core Team}},
  organization = {R Foundation for Statistical Computing},
  address = {Vienna, Austria},
  year = {2017},
  url = {https://www.R-project.org/},
}

@book{cook2017h2o,
  author    = {Darren Cook}, 
  title     = {Practical Machine Learning with H2O},
  publisher = {Sebastopol: O'Reilly},
  year      = {2017}
}

@Article{extremebounds2017rpackage,
  title = {\texttt{ExtremeBounds}: Extreme Bounds Analysis in \texttt{R}},
  author = {Marek Hlavac},
  journal = {Journal of Statistical Software},
  year = {2016},
  volume = {72},
  number = {9},
  pages = {1--22},
  doi = {10.18637/jss.v072.i09},
}

@inproceedings{oshiro2012many,
  title={How many trees in a random forest?},
  author={Oshiro, Thais Mayumi and Perez, Pedro Santoro and Baranauskas, Jos{\'e} Augusto},
  booktitle={Machine Learning and Data Mining in Pattern Recognition},
  pages={154--168},
  year={2012},
  organization={Springer},
  address = {Berlin, Germany}
}

@article{goldstein2015peeking,
  title={Peeking Inside the Black Box: Visualizing Statistical Learning with Plots of Individual Conditional Expectation},
  author={Goldstein, Alex and Kapelner, Adam and Bleich, Justin and Pitkin, Emil},
  journal={Journal of Computational and Graphical Statistics},
  volume={24},
  number={1},
  pages={44--65},
  year={2015},
  publisher={Taylor \& Francis}
}

@article{shmueli2010explain,
  title={To Explain or to Predict?},
  author={Shmueli, Galit},
  journal={Statistical Science},
  volume={25},
  number={3},
  pages={289--310},
  year={2010},
  publisher={Institute of Mathematical Statistics}
}

@inproceedings{ogutu2011comparison,
  title={A Comparison of Random Forests, Boosting and Support Vector Machines for Genomic Selection},
  author={Ogutu, Joseph O and Piepho, Hans-Peter and Schulz-Streeck, Torben},
  booktitle={BMC Proceedings},
  volume={5},
  number={3},
  pages={S11},
  year={2011},
  organization={BioMed Central}
}

@inproceedings{freund1995desicion,
  title={A Decision-Theoretic Generalization of On-Line Learning and an Application to Boosting},
  author={Freund, Yoav and Schapire, Robert E},
  booktitle={European Conference on Computational Learning Theory},
  pages={23--37},
  year={1995},
  organization={Springer}
}

@article{natekin2013gradient,
  title={Gradient Boosting Machines, A Tutorial},
  author={Natekin, Alexey and Knoll, Alois},
  journal={Frontiers in Neurorobotics},
  volume={7},
  pages={1--21},
  year={2013},
  publisher={Frontiers Media SA}
}

@article{segal2004machine,
  title={Machine Learning Benchmarks and Random Forest Regression},
  author={Segal, Mark R},
  journal={Center for Bioinformatics \& Molecular Biostatistics},
  pages={1--14},
  year={2004}
}

@article{zorn2005solution,
  title={A Solution to Separation in Binary Response Models},
  author={Zorn, Christopher},
  journal={Political Analysis},
  volume={13},
  number={2},
  pages={157--170},
  year={2005},
  publisher={Cambridge University Press}
}

@article{bell2015questioning,
  title={Questioning the Effect of Nuclear Weapons on Conflict},
  author={Bell, Mark S and Miller, Nicholas L},
  journal={Journal of Conflict Resolution},
  volume={59},
  number={1},
  pages={74--92},
  year={2015},
  publisher={SAGE Publications Sage CA: Los Angeles, CA}
}

@article{gelman2008weakly,
  title={A Weakly Informative Default Prior Distribution for Logistic and Other Regression Models},
  author={Gelman, Andrew and Jakulin, Aleks and Pittau, Maria Grazia and Su, Yu-Sung},
  journal={The Annals of Applied Statistics},
  pages={1360--1383},
  year={2008},
  publisher={JSTOR}
}

  @Manual{arm2017rpackage,
    title = {\texttt{arm}: Data Analysis Using Regression and Multilevel/Hierarchical
Models},
    author = {Andrew Gelman and Yu-Sung Su},
    year = {2016},
    note = {R package version 1.9-3},
    url = {https://CRAN.R-project.org/package=arm},
  }

  @article{bollinger2015robustness,
  title={On the Robustness of Coefficient Estimates to the Inclusion of Proxy Variables},
  author={Bollinger, Christopher R and Minier, Jenny},
  journal={Journal of Econometric Methods},
  volume={4},
  number={1},
  pages={101--122},
  year={2015}
}

@article{spector2011methodological,
  title={Methodological Urban Legends: The Misuse of Statistical Control Variables},
  author={Spector, Paul E and Brannick, Michael T},
  journal={Organizational Research Methods},
  volume={14},
  number={2},
  pages={287--305},
  year={2011},
  publisher={SAGE Publications Sage CA: Los Angeles, CA}
}

@article{elwert2014endogenous,
  title={Endogenous Selection Bias: The Problem of Conditioning on a Collider Variable},
  author={Elwert, Felix and Winship, Christopher},
  journal={Annual Review of Sociology},
  volume={40},
  pages={31--53},
  year={2014},
  publisher={Annual Reviews}
}

@article{strobl2007bias,
  title={Bias in Random Forest Variable Importance Measures: Illustrations, Sources and a Solution},
  author={Strobl, Carolin and Boulesteix, Anne-Laure and Zeileis, Achim and Hothorn, Torsten},
  journal={BMC Bioinformatics},
  volume={8},
  number={1},
  pages={25},
  year={2007},
  publisher={BioMed Central}
}

@article{de2000classification,
  title={Classification and Regression Trees: A Powerful Yet Simple Technique for Ecological Data Analysis},
  author={De'ath, Glenn and Fabricius, Katharina E},
  journal={Ecology},
  volume={81},
  number={11},
  pages={3178--3192},
  year={2000},
  publisher={Wiley Online Library}
}

@article{goldstein2010application,
  title={An Application of Random Forests to a Genome-Wide Association Dataset: Methodological Considerations \& New Findings},
  author={Goldstein, Benjamin and Hubbard, Alan and Cutler, Adele and Barcellos, Lisa},
  journal={BMC Genetics},
  volume={11},
  number={1},
  pages={49},
  year={2010},
  publisher={BioMed Central}
}

@article{genuer2008random,
  title={Random Forests: Some Methodological Insights},
  author={Genuer, Robin and Poggi, Jean-Michel and Tuleau, Christine},
  journal={arXiv},
  year={2008}
}

@article{japkowicz2002class,
  title={The Class Imbalance Problem: A Systematic Study},
  author={Japkowicz, Nathalie and Stephen, Shaju},
  journal={Intelligent Data Analysis},
  volume={6},
  number={5},
  pages={429--449},
  year={2002},
  publisher={IOS Press}
}

@article{chawla2004special,
  title={Editorial: Special Issue on Learning from Imbalanced Data Sets},
  author={Chawla, Nitesh V and Japkowicz, Nathalie and Kotcz, Aleksander},
  journal={ACM Sigkdd Explorations Newsletter},
  volume={6},
  number={1},
  pages={1--6},
  year={2004},
  publisher={ACM}
}

@article{rummel1995democracy,
  title={Democracy, Power, Genocide, and Mass Murder},
  author={Rummel, Rudolph J},
  journal={Journal of Conflict Resolution},
  volume={39},
  number={1},
  pages={3--26},
  year={1995},
  publisher={Sage Periodicals Press 2455 Teller Road, Thousand Oaks, CA 91320}
}

@book{pinker2011better,
  title={The Better Angels of Our Nature: The Decline of Violence in History and Its Causes},
  author={Pinker, Steven},
  year={2011},
  publisher={London: Penguin UK}
}

@article{eisner2003long,
  title={Long-Term Historical Trends in Violent Crime},
  author={Eisner, Manuel},
  journal={Crime and Justice},
  volume={30},
  pages={83--142},
  year={2003},
  publisher={University of Chicago Press}
}

@techreport{ulfelder2008assessing,
  title={Assessing Risks of State-Sponsored Mass Killing},
  author={Ulfelder, Jay and Valentino, Benjamin},
  howpublished = "\texttt{\url{https://papers.ssrn.com/sol3/papers.cfm?abstract_id=1703426}}",
  year = {2008}, 
  note = "Accessed: January 2018"
}

@techreport{ulfelder2012forecasting,
  title={Forecasting Onsets of Mass Killing},
  author={Ulfelder, Jay},
  howpublished = "\texttt{\url{https://papers.ssrn.com/sol3/papers.cfm?abstract_id=2056306}}",
  year = {2012}, 
  note = "Accessed: January 2018"
}

@article{regan2010changing,
  title={Changing Lanes or Stuck in the Middle: Why Are Anocracies More Prone to Civil Wars?},
  author={Regan, Patrick M and Bell, Sam R},
  journal={Political Research Quarterly},
  volume={63},
  number={4},
  pages={747--759},
  year={2010},
  publisher={Sage Publications Sage CA: Los Angeles, CA}
}

@article{hegre2001toward,
  title={Toward a Democratic Civil Peace? Democracy, Political Change, and Civil War, 1816--1992},
  author={Hegre, H{\aa}vard and Tanja Ellingsen and Scott Gates and Nils Petter Gleditsch},
  journal={American political science review},
  volume={95},
  number={1},
  pages={33--48},
  year={2001},
  publisher={Cambridge University Press}
}

@article{mitchell2013domestic,
  title={Domestic Legal Traditions and States' Human Rights Practices},
  author={Mitchell, Sara McLaughlin and Ring, Jonathan J and Spellman, Mary K},
  journal={Journal of Peace Research},
  volume={50},
  number={2},
  pages={189--202},
  year={2013},
  publisher={Sage Publications Sage UK: London, England}
}

@article{muchlinski2014grievances,
  title={Grievances and Opportunities: Religious Violence across Political Regimes},
  author={Muchlinski, David},
  journal={Politics and Religion},
  volume={7},
  number={4},
  pages={684--705},
  year={2014},
  publisher={Cambridge University Press}
}

@article{acemoglu2005politics,
  title={Politics and Economics in Weak and Strong States},
  author={Acemoglu, Daron},
  journal={Journal of Monetary Economics},
  volume={52},
  number={7},
  pages={1199--1226},
  year={2005},
  publisher={Elsevier}
}

@article{elbadawi2000there,
  title={Why Are There So Many Civil Wars in Africa? Understanding and Preventing Violent Conflict},
  author={Elbadawi, E and Sambanis, Nicholas},
  journal={Journal of African Economies},
  volume={9},
  number={3},
  pages={244--269},
  year={2000},
  publisher={Oxford University Press}
}

@book{gurr2000peoples,
  title={Peoples Versus States: Minorities at Risk in the New Century},
  author={Gurr, Ted Robert},
  year={2000},
  publisher={Washington, DC: US Institute of Peace Press}
}

@article{nyseth2017re,
  title={Re-Examining Risk Factors of Genocide},
  author={Nyseth Brehm, Hollie},
  journal={Journal of Genocide Research},
  volume={19},
  number={1},
  pages={61--87},
  year={2017},
  publisher={Taylor \& Francis}
}

@article{easterly2006development,
  title={Development, Democracy, and Mass Killings},
  author={Easterly, William and Gatti, Roberta and Kurlat, Sergio},
  journal={Journal of Economic Growth},
  volume={11},
  number={2},
  pages={129--156},
  year={2006},
  publisher={Springer}
}

@article{besanccon2005relative,
  title={Relative Resources: Inequality in Ethnic Wars, Revolutions, and Genocides},
  author={Besan{\c{c}}on, Marie L},
  journal={Journal of Peace Research},
  volume={42},
  number={4},
  pages={393--415},
  year={2005},
  publisher={Sage Publications Sage CA: Thousand Oaks, CA}
}

@misc{marshall2017pitf,
 title={PITF State Failure Problem Set, 1955-2016},
 url={http://www.systemicpeace.org/inscr/PITFProbSetCodebook2016.pdf},
 journal={Political Instability Task Force},
 publisher={Center for Systemic Peace},
 author={Marshall, Monty G. and Gurr, Ted Robert and Harff, Barbara},
 year={2017},
 month={Jun}
}

@misc{goldman2017nyt,
 title={Assad's History of Chemical Attacks, and Other Atrocities},
 url={https://www.nytimes.com/2017/04/05/world/middleeast/syria-bashar-al-assad-atrocities-civilian-deaths-gas-attack.html},
 publisher={The New York Times},
 author={Goldman, Russel},
 year={2017}
}

@misc{nichols2017reuters,
 title={South Sudan's Government Using Food as Weapon of War - U.N. Report},
 url={https://www.reuters.com/article/us-southsudan-security-un-exclusive/exclusive-south-sudans-government-using-food-as-weapon-of-war-u-n-report-idUSKBN1DA2OX},
 publisher={Reuters},
 author={Nichols, Michelle},
 year={2017}
}

@article{valentino2014we,
  title={Why We Kill: The Political Science of Political Violence Against Civilians},
  author={Valentino, Benjamin},
  journal={Annual Review of Political Science},
  volume={17},
  pages={89--103},
  year={2014},
  publisher={Annual Reviews}
}

@article{valentino2004draining,
  title={``Draining the Sea'': Mass Killing and Guerrilla Warfare},
  author={Valentino, Benjamin and Huth, Paul and Balch-Lindsay, Dylan},
  journal={International Organization},
  volume={58},
  number={2},
  pages={375--407},
  year={2004},
  publisher={Cambridge University Press}
}

@article{stanton2015regulating,
  title={Regulating Militias: Governments, Militias, and Civilian Targeting in Civil War},
  author={Stanton, Jessica},
  journal={Journal of Conflict Resolution},
  volume={59},
  number={5},
  pages={899--923},
  year={2015},
  publisher={SAGE Publications Sage CA: Los Angeles, CA}
}

@book{straus2015making,
  title={Making and Unmaking Nations: War, Leadership, and Genocide in Modern Africa},
  author={Straus, Scott},
  year={2015},
  publisher={Ithaca, NY: Cornell University Press}
}

@book{schabas2000genocide,
  title={Genocide in International Law: The Crimes of Crimes},
  author={Schabas, William},
  year={2000},
  publisher={New York, NY: Cambridge University Press}
}

@article{colaresi2008kill,
  title={To Kill or to Protect: Security Forces, Domestic Institutions, and Genocide},
  author={Colaresi, Michael and Carey, Sabine},
  journal={Journal of Conflict Resolution},
  volume={52},
  number={1},
  pages={39--67},
  year={2008},
  publisher={Sage Publications Sage CA: Los Angeles, CA}
}

@article{wayman2010explaining,
  title={Explaining the Onset of Mass Killing, 1949--87},
  author={Wayman, Frank W and Tago, Atsushi},
  journal={Journal of Peace Research},
  volume={47},
  number={1},
  pages={3--13},
  year={2010},
  publisher={Sage Publications Sage UK: London, England}
}

@article{uzonyi2016domestic,
  title={Domestic Unrest, Genocide and Politicide},
  author={Uzonyi, Gary},
  journal={Political Studies},
  volume={64},
  number={2},
  pages={315--334},
  year={2016},
  publisher={SAGE Publications Sage UK: London, England}
}

@book{doyle2006making,
  title={Making War and Building Peace: United Nations Peace Operations},
  author={Doyle, Michael W and Sambanis, Nicholas},
  year={2006},
  publisher={Princeton, NJ: Princeton University Press}
}

@article{waldorf2009revisiting,
  title={Revisiting Hotel Rwanda: Genocide Ideology, Reconciliation, and Rescuers},
  author={Waldorf, Lars},
  journal={Journal of Genocide Research},
  volume={11},
  number={1},
  pages={101--125},
  year={2009},
  publisher={Taylor \& Francis}
}

@book{prunier2005darfur,
  title={Darfur: The Ambiguous Genocide},
  author={Prunier, Gerard},
  year={2005},
  publisher={Ithaca, NY: Cornell University Press}
}

@book{tatum2010genocide,
  title={Genocide at the Dawn of the Twenty-First Century: Rwanda, Bosnia, Kosovo, and Darfur},
  author={Tatum, D},
  year={2010},
  publisher={Berlin: Springer}
}

@book{cheadle2007not,
  title={Not on Our Watch: The Mission to End Genocide in Darfur and Beyond},
  author={Cheadle, Don and Prendergast, John},
  year={2007},
  publisher={Dublin: Hachette Books}
}

@book{collier2003breaking,
  title={Breaking the Conflict Trap: Civil War and Development Policy},
  author={Collier, Paul},
  year={2003},
  publisher={Washington, DC: World Bank Publications}
}

@incollection{hoeffler2016development,
  title={Development and the Risk of Mass Atrocities},
  author={Hoeffler, Anke},
  booktitle={Economic Aspects of Genocides, Other Mass Atrocities, and Their Prevention},
  editor={Anderton, Charles and Brauer, Jurgen},
  pages={230--250},
  year={2016},
  publisher={Oxford: Oxford University Press}
}

@article{querido2009state,
  title={State-Sponsored Mass Killing in African Wars--Greed or Grievance?},
  author={Querido, Chyanda M},
  journal={International Advances in Economic Research},
  volume={15},
  number={3},
  pages={351},
  year={2009},
  publisher={Springer}
}

@article{wood2014opportunities,
  title={Opportunities to Kill or Incentives for Restraint? Rebel Capabilities, the Origins of Support, and Civilian Victimization in Civil War},
  author={Wood, Reed M},
  journal={Conflict Management and Peace Science},
  volume={31},
  number={5},
  pages={461--480},
  year={2014},
  publisher={Sage Publications Sage UK: London, England}
}

@article{cederman2010ethnic,
  title={Why do ethnic groups rebel? New data and analysis},
  author={Cederman, Lars-Erik and Wimmer, Andreas and Min, Brian},
  journal={World Politics},
  volume={62},
  number={1},
  pages={87--119},
  year={2010},
  publisher={Cambridge University Press}
}

@article{salaimartin2004determinants,
  title={Determinants of Long-Term Growth: A Bayesian Averaging of Classical Estimates (BACE) Approach},
  author={{Sala-i-Martin}, Xavier and Doppelhofer, Gernot and Miller, Ronald I},
  journal={American Economic Review},
  volume={94},
  number={4},
  pages={813--835},
  year={2004}
}

@article{gleditsch2002expanded,
  title={Expanded Trade and GDP Data},
  author={Gleditsch, Kristian Skrede},
  journal={Journal of Conflict Resolution},
  volume={46},
  number={5},
  pages={712--724},
  year={2002},
  publisher={Sage Publications Thousand Oaks}
}

@article{downes2006desperate,
  title={Desperate Times, Desperate Measures: The Causes of Civilian Victimization in War},
  author={Downes, Alexander B},
  journal={International Security},
  volume={30},
  number={4},
  pages={152--195},
  year={2006},
  publisher={MIT Press}
}

@article{kisangani2007political,
  title={The Political Economy of State Terror},
  author={Kisangani, Emizet and Wayne Nafziger, E},
  journal={Defence and Peace Economics},
  volume={18},
  number={5},
  pages={405--414},
  year={2007},
  publisher={Taylor \& Francis}
}

@article{raleigh2012violence,
  title={Violence against Civilians: A Disaggregated Analysis},
  author={Raleigh, Clionadh},
  journal={International Interactions},
  volume={38},
  number={4},
  pages={462--481},
  year={2012},
  publisher={Taylor \& Francis}
}

@article{sullivan2012blood,
  title={Blood in the Village: A Local-Level Investigation of State Massacres},
  author={Sullivan, Christopher Michael},
  journal={Conflict Management and Peace Science},
  volume={29},
  number={4},
  pages={373--396},
  year={2012},
  publisher={Sage Publications Sage UK: London, England}
}

@article{schneider2013accounting,
  title={Accounting for the Dynamics of One-Sided Violence: Introducing KOSVED},
  author={Schneider, Gerald and Bussmann, Margit},
  journal={Journal of Peace Research},
  volume={50},
  number={5},
  pages={635--644},
  year={2013},
  publisher={Sage Publications Sage UK: London, England}
}

@article{bundervoet2009livestock,
  title={Livestock, Land and Political Power: The 1993 Killings in Burundi},
  author={Bundervoet, Tom},
  journal={Journal of Peace Research},
  volume={46},
  number={3},
  pages={357--376},
  year={2009},
  publisher={Sage Publications Sage UK: London, England}
}

@article{rost2013will,
  title={Will it Happen Again? On the Possibility of Forecasting the Risk of Genocide},
  author={Rost, Nicolas},
  journal={Journal of Genocide Research},
  volume={15},
  number={1},
  pages={41--67},
  year={2013},
  publisher={Taylor \& Francis}
}

@article{mcdoom2013killed,
  title={Who Killed in Rwanda's Genocide? Micro-Space, Social Influence and Individual Participation in Intergroup Violence},
  author={McDoom, Omar Shahabudin},
  journal={Journal of Peace Research},
  volume={50},
  number={4},
  pages={453--467},
  year={2013},
  publisher={Sage Publications Sage UK: London, England}
}

@article{mcdoom2014predicting,
  title={Predicting Violence within Genocide: A Model of Elite Competition and Ethnic Segregation from Rwanda},
  author={McDoom, Omar Shahabudin},
  journal={Political Geography},
  volume={42},
  pages={34--45},
  year={2014},
  publisher={Elsevier}
}

@article{esteban2015strategic,
  title={Strategic Mass Killings},
  author={Esteban, Joan and Morelli, Massimo and Rohner, Dominic},
  journal={Journal of Political Economy},
  volume={123},
  number={5},
  pages={1087--1132},
  year={2015},
  publisher={University of Chicago Press Chicago, IL}
}

@article{joshi2017kills,
  title={Who Kills Whom? The Micro-Dynamics of Civilian Targeting in Civil War},
  author={Joshi, Madhav and Quinn, Jason Michael},
  journal={Social Science Research},
  volume={63},
  pages={227--241},
  year={2017},
  publisher={Elsevier}
}

@article{wig2016local,
  title={Local Institutional Quality and Conflict Violence in Africa},
  author={Wig, Tore and Tollefsen, Andreas For{\o}},
  journal={Political geography},
  volume={53},
  pages={30--42},
  year={2016},
  publisher={Elsevier}
}

@article{kim2016revolutionary,
  title={Revolutionary Leaders and Mass Killing},
  author={Kim, Nam Kyu},
  journal={Journal of Conflict Resolution},
  pages={0022002716653658},
  year={2016},
  publisher={SAGE Publications Sage CA: Los Angeles, CA}
}

@article{clayton2016civilianizing,
  title={Civilianizing Civil Conflict: Civilian Defense Militias and the Logic of Violence in Intrastate Conflict},
  author={Clayton, Govinda and Thomson, Andrew},
  journal={International Studies Perspectives},
  volume={60},
  number={3},
  pages={499--510},
  year={2016},
  publisher={Oxford University Press}
}

@article{uzonyi2015civil,
  title={Civil War Victory and the Onset of Genocide and Politicide},
  author={Uzonyi, Gary},
  journal={International Interactions},
  volume={41},
  number={2},
  pages={365--391},
  year={2015},
  publisher={Taylor \& Francis}
}

@article{siroky2015empire,
  title={The Empire Strikes Back: Ethnicity, Terrain, and Indiscriminate Violence in Counterinsurgencies},
  author={Siroky, David and Dzutsati, Valery},
  journal={Social Science Quarterly},
  volume={96},
  number={3},
  pages={807--829},
  year={2015},
  publisher={Wiley Online Library}
}

@article{koren2017means,
  title={Means to an End: Pro-Government Militias as a Predictive Indicator of Strategic Mass Killing},
  author={Koren, Ore},
  journal={Conflict Management and Peace Science},
  volume={34},
  number={5},
  pages={461--484},
  year={2017},
  publisher={Sage Publications Sage UK: London, England}
}

@article{fazal2015particular,
  title={A Particular Difference: European Identity and Civilian Targeting},
  author={Fazal, Tanisha M and Greene, Brooke C},
  journal={British Journal of Political Science},
  volume={45},
  number={4},
  pages={829--851},
  year={2015},
  publisher={Cambridge University Press}
}

@article{bulutgil2015social,
  title={Social Cleavages, Wartime Experience, and Ethnic Cleansing in Europe},
  author={Bulutgil, H Zeynep},
  journal={Journal of Peace Research},
  volume={52},
  number={5},
  pages={577--590},
  year={2015},
  publisher={SAGE Publications Sage UK: London, England}
}

@article{pilster2016differentiation,
  title={The Differentiation of Security Forces and the Onset of Genocidal Violence},
  author={Pilster, Ulrich and B{\"o}hmelt, Tobias and Tago, Atsushi},
  journal={Armed Forces \& Society},
  volume={42},
  number={1},
  pages={26--50},
  year={2016},
  publisher={Sage Publications Sage CA: Los Angeles, CA}
}

@article{anderton2015new,
  title={A New Look at Weak State Conditions and Genocide Risk},
  author={Anderton, Charles H and Carter, John R},
  journal={Peace Economics, Peace Science and Public Policy},
  volume={21},
  number={1},
  pages={1--36},
  year={2015},
  publisher={De Gruyter}
}

@article{yanagizawa2014propaganda,
  title={Propaganda and Conflict: Evidence from the Rwandan Genocide},
  author={Yanagizawa-Drott, David},
  journal={The Quarterly Journal of Economics},
  volume={129},
  number={4},
  pages={1947--1994},
  year={2014},
  publisher={MIT Press}
}

@article{manekin2013violence,
  title={Violence against Civilians in the Second Intifada: The Moderating Effect of Armed Group Structure on Opportunistic Violence},
  author={Manekin, Devorah},
  journal={Comparative Political Studies},
  volume={46},
  number={10},
  pages={1273--1300},
  year={2013},
  publisher={SAGE Publications Sage CA: Los Angeles, CA}
}

@article{goldsmith2013forecasting,
  title={Forecasting the Onset of Genocide and Politicide: Annual Out-of-Sample Forecasts on a Global Dataset, 1988--2003},
  author={Goldsmith, Benjamin E and Butcher, Charles R and Semenovich, Dimitri and Sowmya, Arcot},
  journal={Journal of Peace Research},
  volume={50},
  number={4},
  pages={437--452},
  year={2013},
  publisher={Sage Publications Sage UK: London, England}
}

@article{fjelde2014weakening,
  title={Weakening the Enemy: A Disaggregated Study of Violence against Civilians in Africa},
  author={Fjelde, Hanne and Hultman, Lisa},
  journal={Journal of Conflict Resolution},
  volume={58},
  number={7},
  pages={1230--1257},
  year={2014},
  publisher={SAGE Publications Sage CA: Los Angeles, CA}
}

@article{verpoorten2012leave,
  title={Leave None to Claim the Land: A Malthusian Catastrophe in Rwanda?},
  author={Verpoorten, Marijke},
  journal={Journal of Peace Research},
  volume={49},
  number={4},
  pages={547--563},
  year={2012},
  publisher={Sage Publications Sage UK: London, England}
}

@article{tir2008domestic,
  title={Domestic-Level Diversionary Theory of War: Targeting Ethnic Minorities},
  author={Tir, Jaroslav and Jasinski, Michael},
  journal={Journal of Conflict Resolution},
  volume={52},
  number={5},
  pages={641--664},
  year={2008},
  publisher={Sage Publications Sage CA: Los Angeles, CA}
}

@article{melander2009new,
  title={Are `New Wars' More Atrocious? Battle Severity, Civilians Killed and Forced Migration before and after the End of the Cold War},
  author={Melander, Erik and {\"O}berg, Magnus and Hall, Jonathan},
  journal={European Journal of International Relations},
  volume={15},
  number={3},
  pages={505--536},
  year={2009},
  publisher={SAGE Publications Sage UK: London, England}
}

@article{balcells2010rivalry,
  title={Rivalry and Revenge: Violence against Civilians in Conventional Civil Wars},
  author={Balcells, Laia},
  journal={International Studies Quarterly},
  volume={54},
  number={2},
  pages={291--313},
  year={2010},
  publisher={Blackwell Publishing Ltd Oxford, UK}
}

@article{balcells2011continuation,
  title={Continuation of Politics by Two Means: Direct and Indirect Violence in Civil War},
  author={Balcells, Laia},
  journal={Journal of Conflict Resolution},
  volume={55},
  number={3},
  pages={397--422},
  year={2011},
  publisher={Sage Publications Sage CA: Los Angeles, CA}
}

@article{kim2010makes,
  title={What Makes State Leaders Brutal? Examining Grievances and Mass Killing during Civil War},
  author={Kim, Dongsuk},
  journal={Civil Wars},
  volume={12},
  number={3},
  pages={237--260},
  year={2010},
  publisher={Taylor \& Francis}
}

@article{valentino2006covenants,
  title={Covenants Without the Sword International Law and the Protection of Civilians in Times of War},
  author={Valentino, Benjamin and Huth, Paul and Croco, Sarah},
  journal={World Politics},
  volume={58},
  number={3},
  pages={339--377},
  year={2006},
  publisher={Cambridge University Press}
}

@article{downes2007restraint,
  title={Restraint or Propellant? Democracy and Civilian Fatalities in Interstate Wars},
  author={Downes, Alexander B},
  journal={Journal of Conflict Resolution},
  volume={51},
  number={6},
  pages={872--904},
  year={2007},
  publisher={Sage Publications Sage CA: Los Angeles, CA}
}

@article{eck2007one,
  title={One-Sided Violence against Civilians in War: Insights from New Fatality Data},
  author={Eck, Kristine and Hultman, Lisa},
  journal={Journal of Peace Research},
  volume={44},
  number={2},
  pages={233--246},
  year={2007},
  publisher={Sage Publications Sage UK: London, England}
}

@article{cingranelli2010cingranelli,
  title={The Cingranelli and Richards (CIRI) Human Rights Data Project},
  author={Cingranelli, David L and Richards, David L},
  journal={Human Rights Quarterly},
  volume={32},
  number={2},
  pages={401--424},
  year={2010},
  publisher={The Johns Hopkins University Press}
}

@book{banks1999cross,
  title={Cross-National Time-Series Data Archive User's Manual},
  author={Banks, Arthur S},
  year={1999},
  publisher={Center for Social Analysis, State University of New York at Binghamton}
}

@article{balcells2014does,
  title={Does Warfare Matter? Severity, Duration, and Outcomes of Civil Wars},
  author={Balcells, Laia and Kalyvas, Stathis N},
  journal={Journal of Conflict Resolution},
  volume={58},
  number={8},
  pages={1390--1418},
  year={2014},
  publisher={SAGE Publications Sage CA: Los Angeles, CA}
}

@article{lacina2005monitoring,
  title={Monitoring Trends in Global Combat: A New Dataset of Battle Deaths},
  author={Lacina, Bethany and Gleditsch, Nils Petter},
  journal={European Journal of Population/Revue Europ{\'e}enne de D{\'e}mographie},
  volume={21},
  number={2-3},
  pages={145--166},
  year={2005},
  publisher={Springer}
}

@article{carey2013states,
  title={States, the Security Sector, and the Monopoly of Violence: A New Database on Pro-Government Militias},
  author={Carey, Sabine C and Mitchell, Neil J and Lowe, Will},
  journal={Journal of Peace Research},
  volume={50},
  number={2},
  pages={249--258},
  year={2013},
  publisher={Sage Publications Sage UK: London, England}
}

@article{stanton2013terrorism,
  title={{Terrorism in the Context of Civil War}},
  author={Stanton, Jessica A},
  journal={The Journal of Politics},
  volume={75},
  number={4},
  pages={1009--1022},
  year={2013},
  publisher={Cambridge University Press New York, USA}
}

@Article{hlavac2016eba,
    title = {{ExtremeBounds}: Extreme Bounds Analysis in {R}},
    author = {Marek Hlavac},
    journal = {Journal of Statistical Software},
    year = {2016},
    volume = {72},
    number = {9},
    pages = {1--22},
    doi = {10.18637/jss.v072.i09},
  }

@article{straus2012wars,
  title={{Wars Do End! Changing Patterns of Political Violence in Sub-Saharan Africa}},
  author={Straus, Scott},
  journal={African Affairs},
  volume={111},
  number={443},
  pages={179--201},
  year={2012},
  publisher={Oxford University Press}
}

@article{straus2012destroy,
  title={``Destroy Them to Save Us'': Theories of Genocide and the Logics of Political Violence},
  author={Straus, Scott},
  journal={Terrorism and Political Violence},
  volume={24},
  number={4},
  pages={544--560},
  year={2012},
  publisher={Taylor \& Francis}
}

@article{straus2007second,
  title={Second-Generation Comparative Research on Genocide},
  author={Straus, Scott},
  journal={World Politics},
  volume={59},
  number={3},
  pages={476--501},
  year={2007},
  publisher={Cambridge University Press}
}

@article{finkel2012macro,
  title={Macro, Meso, and Micro Research on Genocide: Gains, Shortcomings, and Future Areas of Inquiry},
  author={Finkel, Evgeny and Straus, Scott},
  journal={Genocide Studies and Prevention},
  volume={7},
  number={1},
  pages={56--67},
  year={2012},
  publisher={University of Toronto Press}
}

@article{geurts2006extremely,
  title={{Extremely Randomized Trees}},
  author={Geurts, Pierre and Ernst, Damien and Wehenkel, Louis},
  journal={Machine learning},
  volume={63},
  number={1},
  pages={3--42},
  year={2006},
  publisher={Springer}
}

@article{jones2018there,
  title={{Is There More Violence in the Middle?}},
  author={Jones, Zachary M and Lupu, Yonatan},
  journal={American Journal of Political Science},
  volume={62},
  number={3},
  pages={652--667},
  year={2018},
  publisher={Wiley Online Library}
}
